@inbook{RN738,
   author = {Choirinnida, Irma Tsuraya and Ramadhan, Dimas Fadhilah and Gupta, Krisna},
   title = {Sentralitas Peran BPJS Ketenagakerjaan dalam Meningkatkan Kesejahteraan Pekerja},
   booktitle = {Indonesia Emas Berkelanjutan 2045: Kumpulan Pemikiran Pelajar Indonesia Sedunia Seri 01 Ekonomi},
   editor = {Gupta, Krisna and Mardjono, Enny},
   publisher = {LIPI Press},
   address = {Jakarta},
   chapter = {8},
   pages = {121-132},
   ISBN = {978-602-496-221-0},
   DOI = {10.14203/press.357},
   url = {https://e-service.lipipress.lipi.go.id/press/catalog/book/357},
   year = {2021},
   type = {Book Section}
}

@inbook{RN748,
   author = {Gupta, Krisna},
   title = {Industri 4.0 sebagai solusi daya saing industri indonesia?},
   booktitle = {Mewujudkan Indonesia 4.0: Kumpulan Pemikiran Pelajar Indonesia di Australia},
   editor = {Irawan, Denny and Jati, Wasisto R. and Karnalim, Oscar and Sidiq, Asrul},
   publisher = {Yayasan Pustaka Obor Indonesia},
   address = {Jakarta},
   chapter = {3},
   ISBN = {978-602-433-918-0},
   year = {2020},
   type = {Book Section}
}

@article{RN747,
   author = {Gupta, Krisna},
   title = {Managing investment, trade deficit: are omnibus laws panacea for growth?},
   journal = {The Jakarta Post},
   url = {https://www.thejakartapost.com/academia/2020/01/31/managing-investment-trade-deficit-are-omnibus-laws-panacea-for-growth.html},
   year = {2020},
   type = {Magazine Article}
}

@misc{RN371,
   author = {Gupta, Krisna},
   title = {Trade and industry policy in the times of COVID-19: an observation in Indonesia},
   month = {25 December 2020},
   url = {https://www.covid19indonesia.net/events/trade-industry-and-investment-dealing-with-covid-19},
   year = {2020},
   type = {Online Multimedia}
}

@article{RN632,
   author = {Gupta, Krisna},
   title = {World Trade Evolution: Growth, Productivity and Employment - edited by Lili Yan Ing and Miaojie Yu},
   journal = {Asian-Pacific Economic Literature},
   volume = {34},
   number = {1},
   pages = {87-88},
   ISSN = {0818-9935},
   DOI = {https://doi.org/10.1111/apel.12291},
   url = {https://onlinelibrary.wiley.com/doi/abs/10.1111/apel.12291},
   year = {2020},
   type = {Journal Article}
}

@article{RN377,
   author = {Gupta, Krisna},
   title = {The heterogenous impact of tariff and NTM on total factor productivity of Indonesian firms},
   journal = {ACDE Working Papers in Trade and Development},
   volume = {2021},
   number = {21},
   url = {https://acde.crawford.anu.edu.au/publication/working-papers-trade-and-development/19325/heterogeneous-impact-tariff-and-non-tariff},
   year = {2021},
   type = {Journal Article}
}

@article{RN629,
   author = {Gupta, Krisna},
   title = {The Importance of Financial Liberalisation to Economic Growth: The Case of Indonesia},
   journal = {Bulletin of Indonesian Economic Studies},
   volume = {57},
   number = {02},
   pages = {175-201},
   note = {doi: 10.1080/00074918.2020.1747596},
   ISSN = {1472-7234},
   DOI = {10.1080/00074918.2020.1747596},
   url = {http://www.tandfonline.com/doi/abs/10.1080/00074918.2020.1747596},
   year = {2021},
   type = {Journal Article}
}

@inbook{RN737,
   author = {Gupta, Krisna},
   title = {Menjaga pertumbuhan ekonomi dan produktivitas: tantangan dan peluang menuju negara maju di 2045},
   booktitle = {Indonesia Emas Berkelanjutan 2045: Kumpulan Pemikiran Pelajar Indonesia Sedunia Seri 01 Ekonomi},
   editor = {Gupta, Krisna and Mardjono, Enny},
   publisher = {LIPI Press},
   address = {Jakarta},
   chapter = {2},
   pages = {9-29},
   ISBN = {978-602-496-221-0},
   DOI = {10.14203/press.357},
   url = {https://e-service.lipipress.lipi.go.id/press/catalog/book/357},
   year = {2021},
   type = {Book Section}
}

@article{RN468,
   author = {Gupta, Krisna},
   title = {The Heterogenous Impact of Tariff and NTM on Total Factor Productivity of Indonesian Firms},
   journal = {Bulletin of Indonesian Economic Studies},
   pages = {1-29},
   note = {doi: 10.1080/00074918.2021.2016613},
   ISSN = {0007-4918},
   DOI = {10.1080/00074918.2021.2016613},
   url = {https://doi.org/10.1080/00074918.2021.2016613},
   year = {2022},
   type = {Journal Article}
}

@article{RN743,
   author = {Gupta, Krisna},
   title = {Menakar Efektivitas Neraca Komoditas},
   journal = {Bisnis Indonesia},
   month = {21 February 2022},
   url = {https://bisnisindonesia.id/article/menakar-efektivitas-neraca-komoditas},
   year = {2022},
   type = {Magazine Article}
}

@inbook{RN739,
   author = {Gupta, Krisna and Cahyadin, Malik},
   title = {Pembangunan Sumber Daya Manusia Indonesia Berkelanjutan: Meningkatkan Kualitas Pendidikan dan Mengurangi Pengangguran Usia Muda},
   booktitle = {Indonesia Emas Berkelanjutan 2045: Kumpulan Pemikiran Pelajar Indonesia Sedunia Seri 01 Ekonomi},
   editor = {Gupta, Krisna and Mardjono, Enny},
   publisher = {LIPI Press},
   address = {Jakarta},
   chapter = {14},
   pages = {193-228},
   ISBN = {978-602-496-221-0},
   DOI = {10.14203/press.357},
   url = {https://e-service.lipipress.lipi.go.id/press/catalog/book/357},
   year = {2021},
   type = {Book Section}
}

@article{RN631,
   author = {Gupta, Krisna and Mahraddika, Wishnu},
   title = {Mengapa tren kendaraan listrik adalah momentum transformasi industri otomotif Indonesia},
   journal = {The Conversation Indonesia},
   url = {https://theconversation.com/mengapa-tren-kendaraan-listrik-adalah-momentum-transformasi-industri-otomotif-indonesia-152958},
   year = {2021},
   type = {Magazine Article}
}

@book{RN626,
   author = {Gupta, Krisna and Mardjono, Enny},
   title = {Indonesia Emas Berkelanjutan 2045: Kumpulan Pemikiran Pelajar Indonesia Sedunia Seri 01 Ekonomi},
   publisher = {LIPI Press},
   address = {Jakarta},
   ISBN = {978-602-496-221-0},
   DOI = {10.14203/press.357},
   url = {https://e-service.lipipress.lipi.go.id/press/catalog/book/357},
   year = {2021},
   type = {Book}
}

@misc{RN627,
   author = {Gupta, Krisna and Pane, Deasy},
   title = {Restrictive regulations on foreign trade may hurt economy},
   publisher = {The Jakarta Post},
   url = {https://www.thejakartapost.com/paper/2021/03/11/restrictive-regulations-on-foreign-trade-may-hurt-economy.html?fbclid=IwAR3bYw1xMauZtDXfM9cjtaZM65jhJgACvOUEIo0ITTeOg9mj1SP8DisRIjQ},
   year = {2021},
   type = {Electronic Article}
}

@techreport{RN668,
   author = {Gupta, Krisna and Pane, Deasy and Pasaribu, Donny},
   title = {The Advent of A New Trade Governance After The Omnibus Law: Neraca Komoditas},
   institution = {Center for Indonesian Policy Studies},
   url = {https://www.cips-indonesia.org/neraca-komoditas-policy-paper},
   year = {2022},
   type = {Report}
}

@article{RN745,
   author = {Gupta, Krisna and Surianta, Andree},
   title = {IA-CEPA will not solve Indonesia's FDI problem},
   journal = {East Asia Forum},
   url = {https://www.eastasiaforum.org/2020/08/05/ia-cepa-will-not-solve-indonesias-fdi-problem/},
   year = {2020},
   type = {Magazine Article}
}

@inproceedings{RN742,
   author = {Gupta, Krisna and Sutjiatmo, Bayu Prabowo and Kurniawan, Muhammad Sani},
   title = {How Trump's steel and aluminium tariff shapes future world trade},
   booktitle = {Economics and Business Competitiveness International Conference},
   editor = {Abdullah, Ade Gafar and Widiaty, Isma and Abdullah, Cep Ubad},
   address = {London, UK},
   publisher = {Routledge},
   volume = {1},
   pages = {21705-220},
   ISBN = {978-0-429-20262-9},
   DOI = {https://doi.org/10.1201/9780429202629},
   url = {https://www.taylorfrancis.com/books/edit/10.1201/9780429202629/global-competitiveness-business-transformation-digital-era-ade-gafar-abdullah-isma-widiaty-cep-ubad-abdullah},
   year = {2019},
   type = {Conference Proceedings}
}

@inproceedings{RN740,
   author = {Gupta, Krisna and Vierke, Intan and Ibrahim, A and Suwandi, J and Selowidodo, A},
   title = {Boosting global competitiveness in Indonesia: is Industry 4.0 the answer?},
   booktitle = {Economics and Business Competitiveness International Conference},
   editor = {Abdullah, Ade Gafar and Widiaty, Isma and Abdullah, Cep Ubad},
   address = {London, UK},
   publisher = {Routledge},
   volume = {1},
   pages = {205-211},
   ISBN = {978-0-429-20262-9},
   DOI = {https://doi.org/10.1201/9780429202629},
   url = {https://www.taylorfrancis.com/books/edit/10.1201/9780429202629/global-competitiveness-business-transformation-digital-era-ade-gafar-abdullah-isma-widiaty-cep-ubad-abdullah},
   year = {2019},
   type = {Conference Proceedings}
}

@article{RN744,
   author = {Mahraddika, Wishnu and Gupta, Krisna},
   title = {Kebijakan untuk meningkatkan partisipasi perusahaan-perusahaan Indonesia dalam rantai pasok global},
   journal = {The Conversation Indonesia},
   url = {https://theconversation.com/kebijakan-untuk-meningkatkan-partisipasi-perusahaan-perusahaan-indonesia-dalam-rantai-pasok-global-150062},
   year = {2020},
   type = {Magazine Article}
}

@article{RN746,
   author = {Pasaribu, Donny and Gupta, Krisna},
   title = {COVID-19 punishes Indonesian commodity exporters},
   journal = {East Asia Forum},
   url = {https://www.eastasiaforum.org/2020/07/16/covid-19-punishes-indonesian-commodity-exporters/},
   year = {2020},
   type = {Magazine Article}
}

@article{RN630,
   author = {Pasaribu, Donny and Gupta, Krisna},
   title = {Will IA-CEPA be the boost to Australia-Indonesia relations leaders are banking on?},
   journal = {Indonesia at Melbourne},
   url = {https://indonesiaatmelbourne.unimelb.edu.au/will-ia-cepa-be-the-boost-to-the-australia-indonesia-relationship-leaders-are-banking-on/},
   year = {2020},
   type = {Magazine Article}
}

@techreport{RN736,
   author = {Patunru, Arianto and Gupta, Krisna},
   title = {COVID-19 dan Anjloknya Indeks PMI Indonesia},
   institution = {Indonesia Project ANU},
   url = {https://www.covid19indonesia.net/indonesian-minister-of-industry},
   year = {2020},
   type = {Report}
}

@misc{RN370,
   author = {Patunru, Arianto and Gupta, Krisna},
   title = {Indonesia's PPE export backfires},
   publisher = {East Asia Forum},
   month = {25 December 2020},
   url = {https://www.eastasiaforum.org/2020/06/16/indonesias-ppe-export-ban-backfires/},
   year = {2020},
   type = {Electronic Article}
}

@inproceedings{RN741,
   author = {Ratana, Dhany S and Gupta, Krisna},
   title = {Can cryptocurrency help business to be more competitive?},
   booktitle = {Economics and Business Competitiveness International Conference},
   editor = {Abdullah, Ade Gafar and Widiaty, Isma and Abdullah, Cep Ubad},
   address = {London, UK},
   publisher = {Routledge},
   volume = {1},
   pages = {221-226},
   ISBN = {978-0-429-20262-9},
   DOI = {https://doi.org/10.1201/9780429202629},
   url = {https://www.taylorfrancis.com/books/edit/10.1201/9780429202629/global-competitiveness-business-transformation-digital-era-ade-gafar-abdullah-isma-widiaty-cep-ubad-abdullah},
   year = {2019},
   type = {Conference Proceedings}
}

