@online{apbn2024,
  author = {Kementerian Keuangan Republik Indonesia},
  title = {APBN 2024 Resmi Meluncur},
  year = {2023},
  url = {https://www.djkn.kemenkeu.go.id/berita/baca/33506/APBN-2024-Resmi-Meluncur.html},
  urldate = {2023-11-26} 
}

@misc{liputan6,
  title = {Tengok Perbandingan Asumsi Makro dan Postur APBN 2022 dan 2023},
  author = {Tira Santia},
  year={2022},
  howpublished={liputan6.com},
  url = {https://www.liputan6.com/bisnis/read/5044185/tengok-perbandingan-asumsi-makro-dan-postur-apbn-2022-dan-2023?page=2}, urldate = {2023-11-26}, note = {Accessed on 2023-11-26}
}

@misc{yfin,
  title = {OPEC Crude Oil Production},
  author = {ycharts.com},
  year={2023},
  url = {https://ycharts.com/indicators/opec_crude_oil_production}
}

@misc{fred,
  author={FRED},
  title = {FRED Economic Data},
  year={2023},
  url = {https://fred.stlouisfed.org/series/DCOILWTICO/}
}

@misc{reuters,
  author={Erwin Seba},
  title = {Oil climbs over 2% as OPEC seen deepening cuts},
  year={2023},
  howpublished={Reuters},
  url = {https://www.msn.com/en-us/money/markets/oil-climbs-over-2-as-opec-seen-deepening-cuts/ar-AA1kftku}
}

@misc{bisnis,
  author={Maria Elena},
  title = {BI Peringatkan Fenomena Higher for Longer, Apa Itu?},
  year={2023},
  howpublished={bisnis.com},
  url = {https://ekonomi.bisnis.com/read/20231023/9/1706962/bi-peringatkan-fenomena-higher-for-longer-apa-itu}
}

@misc{seki,
  author={Bank Indonesia,},
  title = {Statistik Ekonomi dan Keuangan Indonesia},
  year={2023},
  howpublished={Bank Indonesia},
  url = {https://www.bi.go.id/id/statistik/ekonomi-keuangan/seki/Default.aspx#headingThree}
}

@misc{app,
  author={Krisna Gupta},
  title = {Greening the grid and what it takes},
  year={2023},
  howpublished={Seminar Nasional Politeknik APP Jakarta 2023},
  url = {s.id/greenpln}
}

@misc{esdm,
  author={Kementerian ESDM},
  title = {Pengembangan Ekosistem KBLBB Dorong Masuknya Investasi Kendaraan Listrik},
  year={2023},
  howpublished={Siaran Pers Kementerian ESDM},
  url = {https://ebtke.esdm.go.id/post/2023/09/14/3597/pengembangan.ekosistem.kblbb.dorong.masuknya.investasi.kendaraan.listrik#:~:text=Program%20Percepatan%20Kendaraan%20Bermotor%20Listrik%20Berbasis%20Baterai%20%28KBLBB%29,emisi%20gas%20rumah%20kaca%20serta%20mencapai%20tujuan%20tersebut.}
}

@misc{vars,
  author={Pfaff, Bernhard},
  title = {Using the vars package},
  year={2007},
  url = {https://www.researchgate.net/profile/David-Booth-7/post/How_to_select_optimal_lag_between_dependent_variable_and_independent_variables/attachment/59d649eb79197b80779a450a/AS%3A473055043559424%401489796519099/download/VARS_how_to_use.pdf} 
}