@article{amanta,
   author = {Amanta, Felippa and Gupta, Krisna},
   title = {Trade for Economic Recovery: Import Policies to Support Indonesiaâ€™s F&B Sector},
   journal = {CIPS Policy Paper},
   volume = {51},
   url = {https://cutt.ly/cips-pp51},
   year = {2022},
   type = {Journal Article}
}

@article{hasran,
   author = {Hasran and Gupta, Krisna},
   title = {The Importance of Trade For MSEs in The Indonesian F&B Sector},
   journal = {CIPS Policy Paper},
   volume = {55},
   url = {https://cutt.ly/cips-pp55},
   year = {2023},
   type = {Journal Article}
}

